@techreport{WeinstockOnSystem2006,
    title       = {On System Scalability},
    author      = {Charles Weinstock and John Goodenough},
    year        = {2006},
    number      = {CMU/SEI-2006-TN-012},
    institution = {Software Engineering Institute, Carnegie Mellon University},
    address     = {Pittsburgh, PA},
    url         = {http://resources.sei.cmu.edu/library/asset-view.cfm?AssetID=7887}
}

@inproceedings{JohnsonBBCGW93,
  author    = {Ralph E. Johnson and
               Kent Beck and
               Grady Booch and
               William R. Cook and
               Richard P. Gabriel and
               Rebecca Wirfs-Brock},
  title     = "{How to Get a Paper Accepted at OOPSLA}",
  booktitle = {Proceedings of the Eighth Annual Conference on Object-Oriented Programming Systems, Languages
               and Applications},
  series    = "OOPSLA",
  year      = {1993},
  pages     = {429--436},
  editor    = {Timlynn Babitsky and
               Jim Salmons},
  publisher = {ACM},
  isbn      = {0-89791-587-9},
}

@inproceedings{MeyerovichR2013,
  author    = {Meyerovich, Leo A. and Rabkin, Ariel S.},
  title     = "{Empirical Analysis of Programming Language Adoption}",
  booktitle = {Proceedings of the 2013 ACM SIGPLAN International Conference on Object Oriented Programming Systems Languages and Applications},
  series    = {OOPSLA},
  year      = 2013,
  isbn      = {978-1-4503-2374-1},
  pages     = {1--18},
  doi       = {10.1145/2509136.2509515},
  publisher = {ACM},
} 

@inproceedings{Carver10,
  author    = "Jeffrey C. Carver",
  title     = "{Towards Reporting Guidelines for Experimental Replications: A Proposal}",
  booktitle = "{Proceedings of the International Workshop on Replication in Empirical Software Engineering Research}",
  series    = "RESER",
  year      = 2010,
  month     = "May",
}

@book{GruneJacobs,
  author    = "Dick Grune and C. J. H. Jacobs",
  title     = "{Parsing Techniques: A Practical Guide}",
  series    = "Monographs in Computer Science",
  edition   = 2,
  publisher = "Springer",
  url       = "http://www.cs.vu.nl/~dick/PT2Ed.html",
  year      = 2008,
}

@book{DragonBook,
  author    = {Alfred V. Aho and Ravi Sethi and Jeffrey D. Ullman},
  title     = "{Compilers: Principles, Techniques and Tools}",
  publisher = "Addison-Wesley",
  year      = 1985,
}

@article{GrammarwareAgenda,
  author      = "Paul Klint and Ralf L{\"a}mmel and Chris Verhoef",
  title       = "{Toward an Engineering Discipline for Grammarware}",
  journal     = "ACM Transactions on Software Engineering Methodology (TOSEM)",
  volume      = 14,
  number      = 3,
  year        = 2005,
  pages       = "331--380",
}

@inproceedings{Micropatterns2013,
	author = "Vadim Zaytsev",
	title = "{Micropatterns in Grammars}",
	booktitle = "{Proceedings of the Sixth International Conference on Software Language Engineering (SLE 2013)}",
	year = 2013,
	editor = "Martin Erwig and Richard F. Paige and Eric Van Wyk",
	volume = "8225",
	series = "LNCS",
	pages = "117--136",
	address = "Switzerland",
	month = oct,
	publisher = "Springer International Publishing",
	doi = "10.1007/978-3-319-02654-1_7",
}

@misc{ANTLR,
 author       = "Terence Parr",
 title        = "{ANTLR---ANother Tool for Language Recognition}",
 howpublished = "Toolkit website",
 url          = "http://antlr.org",
 year         = "2008"
}

@phdthesis{Rekers92,
 author   = "J. Rekers",
 title    = "{Parser Generation for Interactive Environments}",
 school   = "University of Amsterdam",
 year     = 1992,
 url      = "http://homepages.cwi.nl/~paulk/dissertations/Rekers.pdf",
}

@techreport{Wijngaarden65,
        author      = "Adriaan van Wijngaarden",
        title       = "{Orthogonal Design and Description of a Formal Language}",
        month       = oct,
        year        = 1965,
        institution = "SMC",
        type        = "{MR 76}",
        url         = "http://www.fh-jena.de/~kleine/history/languages/VanWijngaarden-MR76.pdf",
}